@book{typografie_odborny_text_2020,
  author    = {Knytl, Martin a Lucie ŠPRÁCHALOVÁ},
  title     = {Typografie \& odborný text},
  year      = {2020},
  publisher = {Gaudeamus},
  location  = {Hradec Králové}
}

@book{stop_sheep_find_type2014,
  author    = {Spiekermann ,Erik},
  title     = {Stop Stealing Sheep \& find out how type works},
  year      = {2014},
  edition   = {3rd},
  publisher = {Peachpit},
  location  = {United States of America}
}

@online{pravidla_typografie2004,
  author = {{Ústav pro jazyk český AV ČR}},
  title  = {Pravidla české typografie},
  year   = {2004},
  note   = {Dostupné z: https://prirucka.ujc.cas.cz/?id=780 [cit. 2025-04-18]}
}

@online{10_pravidel2024,
  author = {Petra Sýkorová},
  title  = {10 základních pravidel typografie},
  year   = {2024},
  note   = {Dostupné z: https://zijuspesne.cz/10-zakladnich-pravidel-typografie/ [cit. 2025-04-19]}
}

@online{zasady_2022,
  author = {Gabriela Kokešová},
  title  = {Zásady typografie},
  year   = {2022},
  note   = {Dostupné z: https://skvt.cz/blog/81-zasady-typografie [cit. 2025-04-19]}
}

@inproceedings{uhk2022,
  author    = {Zářecká, Klára and Tikalová, Lucie and Filipová, Petra},
  title     = {Tlumočník obrazového jazyka / Petr Brožka},
  booktitle = {Konferenční sborník},
  year      = {2020},
  publisher = {Univerzita Hradec Králové},
  address   = {Hradec Králové},
  pages     = {314--315},
  note      = {Dostupné z: https://www.uhk.cz/cs/pedagogicka-fakulta/pdf/pracoviste-fakulty/katedra-vytvarne-kultury-a-textilni-tvorby/konference/konference-univerzitni-galerie/sbornik [cit. 2025-04-19]}
}

@article{typographica_lava,
  author  = {Namrata Goyal},
  title   = {Lava Devanagari, Kannada, and Telugu},
  journal = {Typographica},
  year    = {2021},
  note    = {Dostupné z: https://typographica.org/typeface-reviews/lava-devanagari-kannada-and-telugu/ [cit. 2025-04-19]}
}

@article{knuth1984,
  author  = {Donald E. Knuth},
  title   = {Literate Programming},
  journal = {TUGboat},
  year    = {1984},
  volume  = {5},
  number  = {2},
  pages   = {17--29},
  issn    = {0896-3207},
  note    = {Dostupné z: https://tug.org/TUGboat/tb05-2/tb11knut.pdf [cit. 2025-04-19]}
}

@bachelorsthesis{bromnik2024,
  author   = {Bromnik, Petr},
  title    = {Využití operátoru křížení v kartézském genetickém programování},
  school   = {Vysoké učení technické v Brně},
  year     = {2024},
  type     = {Bakalářská práce},
  address  = {Brno},
  url      = {https://www.vut.cz/www_base/zav_prace_soubor_verejne.php?file_id=265743},
  language = {czech},
  note     = {Vedoucí práce: Ing. Petr Svoboda, Ph.D.}
}

@bachelorsthesis{jirmusova2024,
  author   = {Jirmusová, Veronika},
  title    = {Fuzzy implikace},
  school   = {Vysoké učení technické v Brně},
  year     = {2024},
  type     = {Bakalářská práce},
  address  = {Brno},
  url      = {https://www.vut.cz/www_base/zav_prace_soubor_verejne.php?file_id=265678},
  language = {czech},
  note     = {Vedoucí práce: Hliněná Dana, doc. RNDr., Ph.D.}
}